<record><leader>00000cas a22000007a 4500</leader><controlfield tag="001">13695613</controlfield><controlfield tag="008">860606d19441945pauwr ne      0    0eng d</controlfield><datafield ind1=" " ind2=" " tag="010"><subfield code="a">sn 86081525 </subfield></datafield><datafield ind1=" " ind2=" " tag="040"><subfield code="a">NPH</subfield><subfield code="b">eng</subfield><subfield code="c">NPH</subfield><subfield code="d">OCLCQ</subfield></datafield><datafield ind1=" " ind2=" " tag="042"><subfield code="a">msc</subfield></datafield><datafield ind1="0" ind2=" " tag="130"><subfield code="a">Montgomery news (Montgomery, Pa.)</subfield></datafield><datafield ind1="1" ind2="4" tag="245"><subfield code="a">The Montgomery news.</subfield></datafield><datafield ind1="1" ind2="3" tag="246"><subfield code="a">Keep 'em flying</subfield></datafield><datafield ind1=" " ind2=" " tag="260"><subfield code="a">Montgomery, Pa. :</subfield><subfield code="b">Keep 'Em Flying Club,</subfield><subfield code="c">1944-1945.</subfield></datafield><datafield ind1=" " ind2=" " tag="300"><subfield code="a">1 v. :</subfield><subfield code="b">ill. ;</subfield><subfield code="c">31 cm.</subfield></datafield><datafield ind1=" " ind2=" " tag="310"><subfield code="a">Semimonthly</subfield></datafield><datafield ind1="0" ind2=" " tag="362"><subfield code="a">Vol. 1, no. 1 (Nov. 16, 1944)-v. 1, no. 30 (Dec. 27, 1945).</subfield></datafield><datafield ind1=" " ind2=" " tag="500"><subfield code="a">"Published in the interests of the men and women in the Armed Forces from Montgomery and vicinity by the "Keep 'Em Flying" Club."</subfield></datafield><datafield ind1=" " ind2=" " tag="500"><subfield code="a">Also known as "Keep 'em flying."</subfield></datafield><datafield ind1="2" ind2=" " tag="710"><subfield code="a">Keep 'Em Flying Club.</subfield></datafield><datafield ind1=" " ind2=" " tag="752"><subfield code="a">United States</subfield><subfield code="b">Pennsylvania</subfield><subfield code="c">Lycoming</subfield><subfield code="d">Montgomery.</subfield></datafield><datafield ind1="1" ind2=" " tag="029"><subfield code="a">AU@</subfield><subfield code="b">000025815562</subfield></datafield></record>